5170186
5382091
5868034
5914100
5834221
5612012
5853908
5852239
5190681
5834846
5625295
5900556
5824136
5928247
5802309
5699283
5775683
5564543
5743114
5720745
5785514
5767726
5205690
5820468
5884724
5808471
5420220
5901603
5847397
5456295
5787884
5812539
5826098
5921552
5702212
5688475
5306381
5902828
5390161
5347595
5701559
5668842
5747061
5629269
5851970
5935550
5321441
5832833
5510855
5889614
5501097
4807341
5892937
5775928
5460026
5747585
4375612
5514126
4916204
5379918
5488387
5953128
5038564
5853480
5620419
5042416
5890678
4941392
5469394
5038522
5209377
5817552
5952887
5926614
5151414
5878509
5984700
5719518
5607038
5791808
5848467
5842625
5741238
5952443
5952594
5616104
4925240
5870268
5862168
5081352
5606780
5736215
5847772
5904112
5953083
5013016
5903630
5691666
5898622
5710487
5819119
5989120
5780486
5550818
5941945
5728864
5869814
5877240
5807693
5831352
5592850
5666656
5932200
440030
5807244
5683852
5353109
5301487
5864012
5764972
5799564
5854700
5915768
5888978
5813222
5231596
5315697
5749282
5956750
4519865
5872526
5495284
5829446
5715377
5650263
5760539
5873358
5390548
5805117
6024758
5866960
5884523
5908619
5894538
4494339
5606494
4462712
5063379
5962663
5945784
5951922
5602426
5973260
5106985
5950552
6007612
5798105
5942326
5959726
4939495
5786219
5672780
5698039
4678543
5887193
5494580
5810705
5778621
5790184
5625961
5172092
5794693
5815210
5817206
5416222
5665498
5866046
5536723
5839571
5654860
5973323
5879809
5339012
5672979
5908478
5261029
5891026
5706453
5822457
5774507
5036579
4896016
5989164
5819004
5995147
5591659
415896
5882335
5932391
5957235
5936986
5970873
5669452
5874006
5420659
5928754
5954382
5141024
5808742
3201321
5721058
5642715
5902814
4306591
5044592
5885218
5045784
5413234
4663734
5813077
6022673
5923290
5922976
5767381
4899156
5970445
4875257
5711286
6001345
6019126
6092930
5943698
6066727
5918186
6000449
4794162
5915419
5081111
5856531
5757078
5835166
5982126
5471571
5356375
5857386
5876104
5937133
5946255
5673976
5917792
6039216
6076094
5885575
5998425
5229176
4801962
5793767
5810447
5536085
5285032
5820068
6002037
6042894
5757872
5557437
5833593
5841445
4760730
6008238
5559243
5800347
5368368
5226563
4996275
5997690
5961340
6020244
6026217
5945273
5242234
5172198
5112206
5702179
5996907
6004474
6021968
5933318
5970992
5903270
5634081
5915385
5402084
5524846
5931131
5991660
4863221
5551256
5173187
5549253
5289282
5469604
5682128
5437456
5997585
6016837
5424832
5869046
5893807
5262977
5528224
5715213
