5170353
4924770
6006004
5943711
5886059
5972806
5864139
5495334
5526844
5731386
5401312
5571835
5086452
5649689
5661548
5606174
5878973
5826978
5989877
5984120
5940769
5827895
5325291
5422661
5889810
5301648
5514317
5365464
5698761
5742638
5494681
5960052
5819454
5740971
6019600
5435995
5613208
5504448
5763924
5863556
5854743
5849352
5717444
5745650
5687977
4998858
3812282
5326004
5717580
5749243
5546840
5309767
5405014
5270675
5439368
5331210
4952594
3594005
2603975
5416409
5440712
5836237
5375788
5998266
5768792
5560640
5458162
5603701
5752281
4707345
5820273
5854567
5446397
6003306
6155509
5966877
6093451
4677465
6045631
5574727
5990272
5799900
4945332
6015829
6157526
5978713
6048541
5985980
5878526
5846973
5559227
5630311
6032148
4433357
5792861
5781621
6276032
5746948
6057642
6038638
5866930
5710064
5772052
5890615
5697794
4863887
5814306
6056702
6006666
6044106
5877672
5871065
5628279
5806927
5815757
5910670
5387341
5650330
5833866
5405075
5653664
6108169
5849663
5980858
5685746
5642122
5782251
5925618
5574168
5573063
5741339
5871075
5936090
5759368
5970675
5900869
5509212
5862303
5962748
5374723
5444567
5645551
5692458
5967694
6153986
5606105
5877819
6086215
5961876
5780759
5511945
5498173
5394153
5469361
5914064
5746233
5977538
5959467
5817523
5854796
5665657
5807046
5898701
5443900
5498368
4856700
5789831
5705546
6022927
5898128
5586100
5678456
5787577
5785869
5883593
5694950
5522249
4723622
5968674
6032992
6039533
6092569
5069943
5720031
5773189
5800782
5744614
5899230
5801636
5558766
5803427
6146664
5752912
6096690
5389129
5508580
5973492
5831808
3367895
5539891
5547691
5869566
5828404
5830485
6157785
5930507
5833377
5816754
4899896
5838167
5479165
4604981
5460090
4874128
5842729
6012076
5989597
5807136
6060737
5889329
6170552
5575928
5666332
5166096
3519554
5448415
6132996
6003712
5862991
5817426
5970737
5766722
5884720
4652223
5095288
5203323
4976837
5380194
5660426
4768589
4883510
4859348
5767989
5969196
5621041
5449259
5006950
2985321
4843959
5638651
6056079
6189034
5670009
5087944
5578708
5827440
5634976
5881446
5635212
5305184
5509609
5525810
5594098
5850237
5720619
6084466
5739225
5307506
5694994
5539058
5813352
5798107
5383799
5559354
5927585
5865832
5544612
5794710
5831901
5823310
5650775
5660966
3409422
4980246
5826610
5854686
5685366
5833627
5967308
5875842
5463136
5734615
5764621
5664969
5386238
4499152
5528097
5154974
5781869
5814873
5297125
5780879
5835249
5882673
5975957
5592987
5589397
5090074
6110429
6110259
5832578
5971513
5805757
5624113
5296737
5084613
5300897
5255475
5553442
5331087
4492786
5555826
5701597
5688862
5816624
5855634
5685260
5618089
5096301
5430802
5834615
5704896
5562524
5774169
5743325
5530077
4917949
5733300
5577721
5998593
6037089
5250049
5661407
5955687
5519814
5764507
5709929
5858329
5922302
5840433
5475947
5648693
