518018
514965
523730
281515
547042
545219
551673
526166
543545
537511
554987
613169
559384
558199
519964
547577
279062
561916
516948
523607
591831
589601
506355
409538
170919
369467
425374
470848
289731
561017
530981
444870
583973
544957
522583
564188
562392
324968
530291
554498
537537
575606
562636
550004
548022
506536
174517
621646
505773
420893
273510
630058
525394
544447
537267
547775
214044
414464
541711
506665
502931
478836
533242
209805
585279
530748
591366
489572
433646
520992
564263
555528
561107
497442
547182
291215
553696
549986
547525
617080
528261
483869
514821
527638
206438
536323
555449
560747
533687
547681
550066
504609
551685
546513
18949
531506
550667
630370
536308
374414
362082
547998
396901
554221
551135
525994
548461
591559
545534
561833
537909
532457
584660
547774
530181
541865
541969
529965
599055
554154
564008
518437
532476
550362
563447
532045
525327
549053
560682
524980
583520
538535
669678
181860
590872
552480
586560
557773
556389
568288
512658
490910
443400
535940
741694
482340
537061
520892
469005
557776
586429
527514
561943
550414
592102
497961
487725
564566
533349
535795
556875
556774
525858
599807
556285
475739
550962
544977
635191
308422
544987
257682
471923
560805
516522
543006
533015
493362
495787
482659
529834
579086
554725
484784
533459
589102
490013
585112
583623
490123
497358
542619
626957
599386
545202
556110
444864
464047
535640
579910
515550
503278
567140
558709
486980
498936
543449
548943
565789
493254
538048
598465
493693
529529
565302
497938
506366
583281
445825
589005
570000
551486
539691
541107
502279
448941
486286
537547
556001
530733
529452
488521
499588
516727
527939
572403
511707
735168
630298
564270
559878
530716
613268
550581
533677
539096
529393
659967
544079
538082
493834
320332
545432
536045
334249
598732
462424
536697
481279
325257
541189
526251
513902
493264
542554
552180
592029
589682
531138
557081
597266
562783
537377
586262
587532
496765
490209
543485
556448
557146
528278
591578
524841
556956
524492
454531
530309
517288
518233
578649
508251
546580
505006
372538
563921
535247
582869
541573
446852
6534
551368
536826
211101
552462
606836
537939
592239
574552
605422
566763
539567
659972
603604
482685
567591
570090
540479
566465
571729
220475
497979
524215
523845
584753
536083
540353
539768
555018
512095
598086
556428
539499
550949
345097
557384
530965
371507
479424
541450
604717
548686
553416
540887
552811
541455
558260
499250
524344
536238
549799
526661
497952
506553
548468
543960
587733
541294
540005
559270
553080
